@online{hausdorff-dis,
  title={Hausdorff Distance},
  url={https://en.wikipedia.org/wiki/Hausdorff_distance}
}

@online{mesh-simp,
  title={Mesh Simplification},
  url={http://graphics.stanford.edu/courses/cs468-10-fall/LectureSlides/08_Simplification.pdf}
}

@online{delaunay-wiki,
  title={Delaunay Triangulation},
  url={https://en.wikipedia.org/wiki/Delaunay_triangulation}
}

@online{simplicial-complex,
  title={Simplicial complex},
  url={https://en.wikipedia.org/wiki/Simplicial_complex}
}

@inproceedings{qem1,
 author = {Garland, Michael and Heckbert, Paul S.},
 title = {Surface Simplification Using Quadric Error Metrics},
 booktitle = {Proceedings of the 24th Annual Conference on Computer Graphics and Interactive Techniques},
 series = {SIGGRAPH '97},
 year = {1997},
 isbn = {0-89791-896-7},
 pages = {209--216},
 numpages = {8},
 url = {http://dx.doi.org/10.1145/258734.258849},
 doi = {10.1145/258734.258849},
 acmid = {258849},
 publisher = {ACM Press/Addison-Wesley Publishing Co.},
 address = {New York, NY, USA},
 keywords = {level of detail, mutiresolution modeling, non-manifold, pair contraction, surface simplification},
}

@inproceedings{qem2,
 author = {Garland, Michael and Heckbert, Paul S.},
 title = {Simplifying Surfaces with Color and Texture Using Quadric Error Metrics},
 booktitle = {Proceedings of the Conference on Visualization '98},
 series = {VIS '98},
 year = {1998},
 isbn = {1-58113-106-2},
 location = {Research Triangle Park, North Carolina, USA},
 pages = {263--269},
 numpages = {7},
 url = {http://dl.acm.org/citation.cfm?id=288216.288280},
 acmid = {288280},
 publisher = {IEEE Computer Society Press},
 address = {Los Alamitos, CA, USA},
 keywords = {discontinuity preservation, edge contraction, level of detail, multiresolution modeling, quadric error metric, surface properties, surface simplification},
}

@article{memory-less,
 author = {Lindstrom, Peter and Turk, Greg},
 title = {Evaluation of Memoryless Simplification},
 journal = {IEEE Transactions on Visualization and Computer Graphics},
 issue_date = {April 1999},
 volume = {5},
 number = {2},
 month = 4,
 year = {1999},
 issn = {1077-2626},
 pages = {98--115},
 numpages = {18},
 url = {http://dx.doi.org/10.1109/2945.773803},
 doi = {10.1109/2945.773803},
 acmid = {614425},
 publisher = {IEEE Educational Activities Department},
 address = {Piscataway, NJ, USA},
 keywords = {Model simplification, surface approximation, level of detail, geometric error, optimization.},
}

@inproceedings{simp-envlop,
 author = {Cohen, Jonathan and Varshney, Amitabh and Manocha, Dinesh and Turk, Greg and Weber, Hans and Agarwal, Pankaj and Brooks, Frederick and Wright, William},
 title = {Simplification Envelopes},
 booktitle = {Proceedings of the 23rd Annual Conference on Computer Graphics and Interactive Techniques},
 series = {SIGGRAPH '96},
 year = {1996},
 isbn = {0-89791-746-4},
 pages = {119--128},
 numpages = {10},
 url = {http://doi.acm.org/10.1145/237170.237220},
 doi = {10.1145/237170.237220},
 acmid = {237220},
 publisher = {ACM},
 address = {New York, NY, USA},
 keywords = {geometric modeling, hierarchical approximation, levels-of-detail generation, model simplification, offsets, shape approximation},
}


@article{mmgs,
    author = {H. Borouchaki and P. J. Frey},
    title = { Simplification of surface mesh using Hausdorff envelope},
    year = {2005},
    keywords = {Mesh simplification, Decimation, Surface meshing, Hausdorff distance}
}

@article{isotopic-appro,
  TITLE = {{Isotopic approximation within a tolerance volume}},
  AUTHOR = {Mandad, Manish and Cohen-Steiner, David and Alliez, Pierre},
  URL = {https://hal.inria.fr/hal-01186074},
  JOURNAL = {{ACM Transactions on Graphics}},
  PUBLISHER = {{Association for Computing Machinery}},
  SERIES = {Proceedings of SIGGRAPH},
  PAGES = {12},
  YEAR = {2015},
  DOI = {10.1145/2766950},
  KEYWORDS = {mutual tessellation ; intersection-free ; Isotopic approximation ; tolerance volume ; mesh refinement ; mesh simplification},
  PDF = {https://hal.inria.fr/hal-01186074/file/approximation.pdf},
  HAL_ID = {hal-01186074},
  HAL_VERSION = {v1},
}

@article{link-cond,
    author = {Tamal K. Dey and Herbert Edelsbrunner and Sumanta Guha and Dmitry V. Nekhayev},
    title = {Topology Preserving Edge Contraction},
    journal = {Publ. Inst. Math. (Beograd) (N.S},
    year = {1998},
    volume = {66},
    pages = {23--45}
}

@article{frame-field-warping,
author = {Daniele Panozzo and Enrico Puppo and Marco Tarini and Olga Sorkine-Hornung},
title = {Frame Fields: Anisotropic and Non-Orthogonal Cross Fields},
journal = {ACM Transactions on Graphics (proceedings of ACM SIGGRAPH)},
volume = {33},
number = {4},
pages = {134:1--134:11},
year = {2014},
}

@article{frame-field-gen,
 author = {Jiang, Tengfei and Fang, Xianzhong and Huang, Jin and Bao, Hujun and Tong, Yiying and Desbrun, Mathieu},
 title = {Frame Field Generation Through Metric Customization},
 journal = {ACM Trans. Graph.},
 issue_date = {August 2015},
 volume = {34},
 number = {4},
 month = {7},
 year = {2015},
 issn = {0730-0301},
 pages = {40:1--40:11},
 articleno = {40},
 numpages = {11},
 url = {http://doi.acm.org/10.1145/2766927},
 doi = {10.1145/2766927},
 acmid = {2766927},
 publisher = {ACM},
 address = {New York, NY, USA},
 keywords = {n-vector field design, frame field generation, geometry processing, metric customization},
}

@article{remesh-length,
 author = {Alliez, Pierre and Cohen-Steiner, David and Devillers, Olivier and L{\'e}vy, Bruno and Desbrun, Mathieu},
 title = {Anisotropic Polygonal Remeshing},
 journal = {ACM Trans. Graph.},
 issue_date = {July 2003},
 volume = {22},
 number = {3},
 month = {July},
 year = {2003},
 issn = {0730-0301},
 pages = {485--493},
 numpages = {9},
 url = {http://doi.acm.org/10.1145/882262.882296},
 doi = {10.1145/882262.882296},
 acmid = {882296},
 publisher = {ACM},
 address = {New York, NY, USA},
 keywords = {anisotropic sampling, approximation theory, lines of curvatures, polygon meshes, surface remeshing, tensor fields},
}

@inproceedings{open-volume-mesh,
  author    = {Michael Kremer and David Bommes and Leif Kobbelt},
  title     = {OpenVolumeMesh - A Versatile Index-Based Data Structure
for 3D Polytopal Complexes},
  booktitle = {Proceedings of the 21st International Meshing Roundtable},
  year      = {2012},
  pages     = {531--548},
  editor    = {Xiangmin Jiao and Jean-Christophe Weill}
}

@online{yinwang2013,
    author={王垠},
    year={2013},
    title={谈Linux, Windows 和 Mac},
    language={zh},
    url={http://www.yinwang.org/blog-cn/2013/03/07/linux-windows-mac}
}
@book{lamport1994latex,
  author={Leslie Lamport},
  title={\LaTeX{} A Document Preparation System: User's Guide and Reference Manual},
  year={1994},
  edition={2},
  address={Reading, Massachusetts},
  publisher={Addison-Wesley},
}

@book{takeuti1973,
  title={Axiomatic Set Theory},
  author={Gaisi Takeuti and Wilson M. Zaring},
  series={Graduate Texts in Mathematics},
  volume={8},
  editor={P. R. Halmos},
  address={Berlin},
  publisher={Springer-Verlag},
  year={1973},
}
@book{TAOCP-Vol3,
  author={Donald E. Knuth},
  title={Sorting and Searching},
  series={The Art of Computer Programming},
  volume={3},
  edition={2},
  address={New York},
  publisher={Addison-Wesley Publishers Ltd},
  year={1998},
}
@book{zh-book-1,
  author={余敏 and 刘华},
  title={出版集团研究},
  address={北京},
  year={2001},
  pages={179--193},
  language={zh},
}

@book{anwen1988,
  author={昂温, G. and 昂温, P. S.},
  title={外国出版史},
  translator={陈生铮},
  address={北京},
  publisher={中国书籍出版社},
  year={1988},
  language={zh},
}

@book{anwen1988b,
  author={昂温, G. and 昂温, P. S.},
  title={美国独立战争},
  series={世界历史丛书},
  editor={张三 and 李四},
  translator={陈生铮},
  address={北京},
  publisher={中国书籍出版社},
  year={1988},
  citedate={2013-08-30},
  url={http://www.google.com/},
  language={zh},
}

@proceedings{a2-1,
  editor={{中国力学学会}},
  title={第3届全国实验流体力学学术会议论文集},
  address={天津},
  year={1990},
  language={zh},
}

@proceedings{a2-2,
  editor={Rosenthall, E. M.},
  title={Proceedings of the Fifth Canadian Mathematical Congress,
                  University of Montreal, 1961},
  address={Toronto},
  publisher={University of Toronto Press},
  year={1963},
}


@inproceedings{nonlinear1996,
  author={钟文发},
  title={非线性规划在可燃毒物配置中的应用},
  editor ={赵玮},
  booktitle={运筹学的理论与应用：中国运筹学会第五届大会论文集},
  address={西安},
  publisher={西安电子科技大学出版社},
  year={1996},
  pages={468-471},
  language={zh},
}

@inproceedings{fourney1971,
  author={Fourney M. E.},
  title={Advances in holographic photoelasticity},
  editor={{American Society of Mechanical Engineers,
           Applied Mechanics Division}},
  booktitle={Symposium on Applications of Holography in Mechanics,
             August 23--25, 1971, University of Southern California,
             Los Angeles, California},
  address={New York},
  publisher={ASME},
  year={c1971},
  pages={17-38},
}

@inproceedings{aczel1998,
  author={Peter Aczel},
  title={On relating type theories and set theories},
  booktitle={Types `98, the proceedings of the 1998 workshop
             on Types for Proofs and Programs},
  year={1998},
  editor={T. Altenkirch and W. Naraschewski and B. Reus},
  volume={1657},
  series={Lecture Notes in Computer Science},
  pages={1-18},
  address={Kloster Irsee},
  publisher={Springer},
}

@article{kanamori1998,
  author={Kanamori, H.},
  title={Shaking without quaking},
  journal={Science},
  year={1998},
  volume={279},
  number={5359},
  pages={2063-2064},
}

@article{caplan1993,
  author={Caplan, P.},
  title={Cataloging internet resources},
  journal={The Public Access Computer Systems Review},
  year={1993},
  volume={4},
  number={2},
  pages={61-66},
}

@article{christine1998,
  author={Christine, M.},
  title={Plant physiology: plant biology in the Genome Era},
  journal={Science},
  year={1998},
  volume={281},
  pages={331-332},
  url={http://www.sciencemag.org/cgi/collection/anatmorp},
  citedate={1998-09-23},
}

@article{lixiaodong1999,
  author={李晓东 and 张庆红 and 叶瑾琳},
  title={气候学研究的若干理论问题},
  journal={北京大学学报: 自然科学版},
  year={1999},
  volume={35},
  number={1},
  pages={101-106},
  language={zh},
}


@phdthesis{1-5,
  author={孙玉文},
  title={汉语变调构词研究},
  address={北京},
  school={北京大学中文系},
  year={2000},
  language={zh},
}

@masterthesis{a4-1,
  author={张志祥},
  title={间断动力系统的随机扰动及其在守恒律方程中的应用},
  address={南京},
  school={南京大学数学学院},
  year={1998},
  language={zh},
}

@phdthesis{a4-2,
  author={Calms, R. B.},
  title={Infrared spectroscopic studies on solid oxygen},
  address={Berkeley},
  school={University of California},
  year={1965},
}

@PHDTHESIS{Anderson1993,
  author={Penny Anderson},
  title={Program Derivation by Proof Transformation},
  address={Pittsburgh, USA},
  school={Carnegie Mellon University},
  year={1993},
  citedate={2007-11-02},
  url={http://citeseer.nj.nec.com/anderson93program.html},
}

@online{pacs1989,
  title={PACS-L: the public-access computer systems forum},
  address={Houston, Tex},
  publisher={University of Houston Libraries},
  year={1989},
  url={http://info.lib.uh.edu/pacsl.html},
  citedate={1995-05-17},
}

@online{oclc2000,
  author={{Online Computer Library Center, Inc.}},
  title={History of OCLC},
  url={http://www.oclc.org/about/history/default.htm},
  citedate={2000-01-08},
}

@online{chuban2001,
  author={萧钰},
  title={出版业信息化迈入快车道},
  modifydate={2001-12-19},
  url={http://www.creader.com/news/20011219/200112190019.html},
  citedate={2002-04-15},
  langauge={zh},
}

@online{h7n9,
  author={张乐},
  title={我科学家成功研发人感染H7N9禽流感病毒疫苗株},
  address={北京},
  publisher={人民网},
  year={2013},
  modifydate={2013-10-27},
  url={http://society.people.com.cn/n/2013/1027/c1008-23337665.html},
  citedate={2013-10-27},
  langauge={zh},
}

@webpage{wikipedia_moores_law,
  title = {{Moore's law}},
  author = {{Wikipedia contributors}},
  publisher = {Wikipedia, The Free Encyclopedia},
  year = {2015},
  url = {https://en.wikipedia.org/wiki/Moore%27s_law},
  modifydate = {2015/06/14},
  citedate = {2015/06/15}
}


@book{Frey:2007:MGA:1205626,
 author = {Frey, Pascal Jean and George, Paul-Louis},
 title = {Mesh Generation: Application to Finite Elements},
 year = {2007},
 isbn = {1903398002},
 publisher = {ISTE},
}

﻿@Inbook{Dobrzynski2008,
author="Dobrzynski, C. and Frey, P.",
editor="Garimella, Rao V.",
chapter="Anisotropic Delaunay Mesh Adaptation for Unsteady Simulations",
title="Proceedings of the 17th International Meshing Roundtable",
year="2008",
publisher="Springer Berlin Heidelberg",
address="Berlin, Heidelberg",
pages="177--194",
isbn="978-3-540-87921-3",
doi="10.1007/978-3-540-87921-3_11",
url="http://dx.doi.org/10.1007/978-3-540-87921-3_11"
}

﻿@Article{Jiao2009,
author="Jiao, Xiangmin
and Colombi, Andrew
and Ni, Xinlai
and Hart, John",
title="Anisotropic mesh adaptation for evolving triangulated surfaces",
journal="Engineering with Computers",
year="2009",
volume="26",
number="4",
pages="363--376",
abstract="Dynamic surfaces arise in many applications, such as free surfaces in multiphase flows and moving interfaces in fluid--solid interaction. In many engineering applications, an explicit surface triangulation is often used to represent dynamic surfaces, posing significant challenges in adapting their meshes, especially if large curvatures and sharp features may dynamically emerge or vanish as the surfaces evolve. In this paper, we present an anisotropic mesh adaptation technique to meet these challenges. Our technique strives for optimal aspect ratios of the triangulation to reduce positional errors and to capture geometric features of dynamic surfaces based on a novel extension of the quadrics. Our adaptation algorithm combines the operations of vertex redistribution, edge flipping, edge contraction, and edge splitting. Experimental results demonstrate the effectiveness of our anisotropic adaptation technique for static and dynamic surfaces.",
issn="1435-5663",
doi="10.1007/s00366-009-0170-1",
url="http://dx.doi.org/10.1007/s00366-009-0170-1"
}

@inproceedings{Boissonnat:2008:LUA:1377676.1377724,
 author = {Boissonnat, Jean-Daniel and Wormser, Camille and Yvinec, Mariette},
 title = {Locally Uniform Anisotropic Meshing},
 booktitle = {Proceedings of the Twenty-fourth Annual Symposium on Computational Geometry},
 series = {SCG '08},
 year = {2008},
 isbn = {978-1-60558-071-5},
 location = {College Park, MD, USA},
 pages = {270--277},
 numpages = {8},
 url = {http://doi.acm.org/10.1145/1377676.1377724},
 doi = {10.1145/1377676.1377724},
 acmid = {1377724},
 publisher = {ACM},
 address = {New York, NY, USA},
 keywords = {anisotropic mesh generation, delaunay refinement, delaunay triangulation},
}

@techreport{boissonnat:inria-00615486,
  TITLE = {{Anisotropic Delaunay Mesh Generation}},
  AUTHOR = {Boissonnat, Jean-Daniel and Wormser, Camille and Yvinec, Mariette},
  URL = {https://hal.inria.fr/inria-00615486},
  TYPE = {Research Report},
  NUMBER = {RR-7712},
  PAGES = {50},
  INSTITUTION = {{Inria Sophia Antipolis ; INRIA}},
  YEAR = {2014},
  MONTH = Dec,
  KEYWORDS = {mesh generation ; anisotropic meshes ; Delaunay triangulation},
  PDF = {https://hal.inria.fr/inria-00615486/file/RR-7712-V2.pdf},
  HAL_ID = {inria-00615486},
  HAL_VERSION = {v2},
}

@article{boissonnat:hal-01146307,
  TITLE = {{Anisotropic Delaunay Meshes of Surfaces}},
  AUTHOR = {Boissonnat, Jean-Daniel and Shi, Kan-Le and Tournois, Jane and Yvinec, Mariette},
  URL = {https://hal.inria.fr/hal-01146307},
  JOURNAL = {{ACM Transaction on Graphics}},
  PUBLISHER = {{ACM}},
  VOLUME = {34},
  NUMBER = {2},
  PAGES = {10},
  YEAR = {2015},
  MONTH = Mar,
  DOI = {10.1145/2721895},
  KEYWORDS = {anisotropic meshes ; Delaunay refinement  ACM Reference Format: ; Delaunay triangulation ; Categories and Subject Descriptors: I35 [Computing Methodologies]: Computer Graphics- Geometry and Object Modeling  General Terms: AlgorithmsYYYYYYY  Additional Key Words and Phrases: Mesh generation},
  PDF = {https://hal.inria.fr/hal-01146307/file/aniso-acmtog-nocopyright.pdf},
  HAL_ID = {hal-01146307},
  HAL_VERSION = {v1},
}

@inproceedings{Labelle:2003:AVD:777792.777822,
 author = {Labelle, Francois and Shewchuk, Jonathan Richard},
 title = {Anisotropic Voronoi Diagrams and Guaranteed-quality Anisotropic Mesh Generation},
 booktitle = {Proceedings of the Nineteenth Annual Symposium on Computational Geometry},
 series = {SCG '03},
 year = {2003},
 isbn = {1-58113-663-3},
 location = {San Diego, California, USA},
 pages = {191--200},
 numpages = {10},
 url = {http://doi.acm.org/10.1145/777792.777822},
 doi = {10.1145/777792.777822},
 acmid = {777822},
 publisher = {ACM},
 address = {New York, NY, USA},
 keywords = {anisotropic Voronoi diagram, anisotropic mesh generation},
}

@article{Du:2005:ACV:1046640.1046658,
 author = {Du, Qiang and Wang, Desheng},
 title = {Anisotropic Centroidal Voronoi Tessellations  and Their Applications},
 journal = {SIAM J. Sci. Comput.},
 issue_date = {2005},
 volume = {26},
 number = {3},
 month = mar,
 year = {2005},
 issn = {1064-8275},
 pages = {737--761},
 numpages = {25},
 url = {http://dx.doi.org/10.1137/S1064827503428527},
 doi = {10.1137/S1064827503428527},
 acmid = {1046658},
 publisher = {Society for Industrial and Applied Mathematics},
 address = {Philadelphia, PA, USA},
 keywords = {Riemannian metric, Voronoi tessellations, anisotropic Delaunay triangulation, anisotropy, optimal mesh, optimal tessellations, surface mesh, surface triangulation},
}

@article{Valette:2008:GRT:1340081.1340168,
 author = {Valette, Sebastien and Chassery, Jean Marc and Prost, Remy},
 title = {Generic Remeshing of 3D Triangular Meshes with Metric-Dependent Discrete Voronoi Diagrams},
 journal = {IEEE Transactions on Visualization and Computer Graphics},
 issue_date = {March 2008},
 volume = {14},
 number = {2},
 month = mar,
 year = {2008},
 issn = {1077-2626},
 pages = {369--381},
 numpages = {13},
 url = {http://dx.doi.org/10.1109/TVCG.2007.70430},
 doi = {10.1109/TVCG.2007.70430},
 acmid = {1340168},
 publisher = {IEEE Educational Activities Department},
 address = {Piscataway, NJ, USA},
 keywords = {Approximation of surfaces and contours, Approximation of surfaces and contours, Global optimization, Hierarchy and geometric transformations, Global optimization, Hierarchy and geometric transformations},
}

@article{Levy:2010:LPC:1778765.1778856,
 author = {L{\'e}vy, Bruno and Liu, Yang},
 title = {Lp Centroidal Voronoi Tessellation and Its Applications},
 journal = {ACM Trans. Graph.},
 issue_date = {July 2010},
 volume = {29},
 number = {4},
 month = jul,
 year = {2010},
 issn = {0730-0301},
 pages = {119:1--119:11},
 articleno = {119},
 numpages = {11},
 url = {http://doi.acm.org/10.1145/1778765.1778856},
 doi = {10.1145/1778765.1778856},
 acmid = {1778856},
 publisher = {ACM},
 address = {New York, NY, USA},
 keywords = {Centroidal Voronoi Tessellation, anisotropic meshing, hex-dominant meshing, quad-dominant meshing},
}

@inproceedings{bruno:hal-00804558,
  TITLE = {{Variational Anisotropic Surface Meshing with Voronoi Parallel Linear Enumeration}},
  AUTHOR = {Bruno, L{\'e}vy and Bonneel, Nicolas},
  URL = {https://hal.inria.fr/hal-00804558},
  BOOKTITLE = {{IMR - 21st International Meshing Roundtable - 2012}},
  ADDRESS = {San Jos{\'e}, United States},
  YEAR = {2012},
  MONTH = Oct,
  HAL_ID = {hal-00804558},
  HAL_VERSION = {v1},
}

﻿@Article{Canas2011,
author="Canas, Guillermo D.
and Gortler, Steven J.",
title="Orphan-Free Anisotropic Voronoi Diagrams",
journal="Discrete \& Computational Geometry",
year="2011",
volume="46",
number="3",
pages="526--541",
abstract="We describe conditions under which an appropriately defined anisotropic Voronoi diagram of a set of sites in Euclidean space is guaranteed to be composed of connected cells in any number of dimensions. These conditions are natural for problems in optimization and approximation, and algorithms already exist to produce sets of sites that satisfy them.",
issn="1432-0444",
doi="10.1007/s00454-011-9372-6",
url="http://dx.doi.org/10.1007/s00454-011-9372-6"
}

@article{ATPSCPE,
  added-at = {2012-09-14T00:00:00.000+0200},
  author = {Shimada, Kenji and Yamada, Atsushi and Itoh, Takayuki},
  biburl = {http://www.bibsonomy.org/bibtex/2c6e1e403261a4789fc442fddc8626783/dblp},
  ee = {http://dx.doi.org/10.1142/S0218195900000243},
  interhash = {3def8aab6b7a6d655c70683c18bc8eeb},
  intrahash = {c6e1e403261a4789fc442fddc8626783},
  journal = {Int. J. Comput. Geometry Appl.},
  keywords = {dblp},
  number = 4,
  pages = {417-440},
  timestamp = {2012-09-15T11:40:49.000+0200},
  title = {Anisotropic Triangulation of Parametric Surfaces via Close Packing of Ellipsoids.},
  url = {http://dblp.uni-trier.de/db/journals/ijcga/ijcga10.html#ShimadaYI00},
  volume = 10,
  year = 2000
}

@article{PASM,
 author = {Zhong, Zichun and Guo, Xiaohu and Wang, Wenping and L{\'e}vy, Bruno and Sun, Feng and Liu, Yang and Mao, Weihua},
 title = {Particle-based Anisotropic Surface Meshing},
 journal = {ACM Trans. Graph.},
 issue_date = {July 2013},
 volume = {32},
 number = {4},
 month = jul,
 year = {2013},
 issn = {0730-0301},
 pages = {99:1--99:14},
 articleno = {99},
 numpages = {14},
 url = {http://doi.acm.org/10.1145/2461912.2461946},
 doi = {10.1145/2461912.2461946},
 acmid = {2461946},
 publisher = {ACM},
 address = {New York, NY, USA},
 keywords = {anisotropic meshing, gaussian kernel, particle},
}